<record><leader>00000cas a2200000 a 4500</leader><controlfield tag="001">5735157</controlfield><controlfield tag="008">791127d19771978ohumr ne      0   a0eng d</controlfield><datafield ind1=" " ind2=" " tag="010"><subfield code="a">sn 88099993 </subfield><subfield code="z">sc 80000646 </subfield></datafield><datafield ind1=" " ind2=" " tag="040"><subfield code="a">COO</subfield><subfield code="b">eng</subfield><subfield code="c">COO</subfield><subfield code="d">DLC</subfield><subfield code="d">NSD</subfield><subfield code="d">DLC</subfield><subfield code="d">ONP</subfield><subfield code="d">OCLCQ</subfield><subfield code="d">OCLCO</subfield></datafield><datafield ind1="1" ind2=" " tag="029"><subfield code="a">AU@</subfield><subfield code="b">000025835789</subfield></datafield><datafield ind1=" " ind2=" " tag="037"><subfield code="b">Youngstown Sheet and Tube Company, Youngstown, OH 44501</subfield></datafield><datafield ind1=" " ind2=" " tag="042"><subfield code="a">msc</subfield></datafield><datafield ind1=" " ind2=" " tag="043"><subfield code="a">n-us-oh</subfield></datafield><datafield ind1=" " ind2=" " tag="090"><subfield code="a">HD9519.Y81</subfield><subfield code="b">Y81</subfield></datafield><datafield ind1="0" ind2=" " tag="130"><subfield code="a">Youngstown yield (Youngstown, Ohio : 1977)</subfield></datafield><datafield ind1="1" ind2="0" tag="245"><subfield code="a">Youngstown yield.</subfield></datafield><datafield ind1=" " ind2=" " tag="260"><subfield code="a">Youngstown, Ohio :</subfield><subfield code="b">Youngstown Sheet and Tube Co.,</subfield><subfield code="c">1977-1978.</subfield></datafield><datafield ind1=" " ind2=" " tag="300"><subfield code="a">volumes :</subfield><subfield code="b">illustrations ;</subfield><subfield code="c">40 cm</subfield></datafield><datafield ind1=" " ind2=" " tag="310"><subfield code="a">Monthly,</subfield><subfield code="b">Feb. 28-Dec. 1978</subfield></datafield><datafield ind1=" " ind2=" " tag="321"><subfield code="a">Bimonthly,</subfield><subfield code="b">Nov. 28, 1977-Feb. 15, 1978</subfield></datafield><datafield ind1=" " ind2=" " tag="336"><subfield code="a">text</subfield><subfield code="b">txt</subfield><subfield code="2">rdacontent</subfield></datafield><datafield ind1=" " ind2=" " tag="337"><subfield code="a">unmediated</subfield><subfield code="b">n</subfield><subfield code="2">rdamedia</subfield></datafield><datafield ind1=" " ind2=" " tag="338"><subfield code="a">volume</subfield><subfield code="b">nc</subfield><subfield code="2">rdacarrier</subfield></datafield><datafield ind1="0" ind2=" " tag="362"><subfield code="a">Vol. 9, no. 9 (Nov. 28, 1977)-[Dec. 1978].</subfield></datafield><datafield ind1=" " ind2=" " tag="500"><subfield code="a">"The Youngstown employee paper."</subfield></datafield><datafield ind1="2" ind2=" " tag="710"><subfield code="a">Youngstown Sheet and Tube Company.</subfield><subfield code="b">Communications Department.</subfield></datafield><datafield ind1=" " ind2=" " tag="752"><subfield code="a">United States</subfield><subfield code="b">Ohio</subfield><subfield code="c">Mahoning</subfield><subfield code="d">Youngstown.</subfield></datafield><datafield ind1="0" ind2="0" tag="780"><subfield code="t">Yield</subfield><subfield code="c">(Youngstown, Ohio)</subfield><subfield code="x">0275-5572</subfield><subfield code="w">(DLC)sc 80000647</subfield><subfield code="w">(DLC)sn 88099994</subfield></datafield></record>